% For information on bib-files, check 
% https://www.overleaf.com/learn/latex/bibliography_management_with_bibtex
@book{digital_signal_processing,
    author     =  "John G. Proakis and Dimitris K. Manolakis",
    title      =  "Digital Signal Processing",
    year       =  "2013",
    month      =  "7",
    edition    =  "4",
    publisher  =  "Pearson Education Limited",
    address    =  "Harlow",
    isbn       =  "9781292025735",
}

@article{osdft,
    author   =  "C. Park",
    journal  =  "IEEE Transactions on Signal Processing",
    title    =  "Guaranteed-Stable Sliding DFT Algorithm With Minimal Computational Requirements",
    year     =  "2017",
    volume   =  "65",
    number   =  "20",
    pages    =  "5281-5288",
    doi      =  "10.1109/TSP.2017.2726988",
}

@article{sdft,
    author   =  "E. Jacobsen and R. Lyons",
    journal  =  "IEEE Signal Processing Magazine",
    title    =  "The sliding DFT",
    year     =  "2003",
    volume   =  "20",
    number   =  "2",
    pages    =  "74-80",
    doi      =  "10.1109/MSP.2003.1184347",
}

@misc{example_misc,
    author = "Donald Knuth",
    title = "Knuth: Computers and Typesetting",
    url = "http://www-cs-faculty.stanford.edu/\~{}uno/abcde.html"
}
